3428 5078
857 1244 1345 1330 Conquisitio
1413 1244 1855 1329 plantarum
1925 1243 2635 1316 Guatemalensium
2699 1267 2747 1315 a

739 1381 1042 1453 Barone
1087 1380 1185 1451 de
1228 1378 1741 1450 Tuerekheim
1806 1377 2114 1463 incepta
2175 1381 2436 1463 postea
2479 1381 2743 1451 autem

739 1538 785 1587 a
828 1538 950 1587 me
997 1516 1077 1586 in
1125 1514 1311 1600 ipsis
1356 1513 1583 1586 terris
1631 1513 2188 1600 peregrinante,
2241 1536 2413 1586 eum
2466 1514 2743 1586 florum

612 1714 625 1719 -
744 1649 1362 1722 meridionalium
1404 1649 1751 1720 novitate
1796 1650 2069 1734 eaptus
2106 1670 2364 1733 essem,
2410 1649 2744 1735 amplius

740 1787 820 1857 et
876 1785 1116 1857 latius
1173 1786 1572 1870 persecuta
1629 1785 1908 1869 stirpes
1965 1784 2380 1855 exsicaeatas
2439 1784 2584 1855 hoo
2642 1786 2743 1856 li—

743 1921 947 1992 bello
990 1921 1482 1992 enumeratas
1526 1918 2077 2005 suppeditavit.
2167 1918 2382 2006 Quas
2429 1921 2742 2005 quidem

739 2078 1020 2140 omnes,
1100 2055 1612 2128 Universitati
1694 2054 2096 2126 litterariae
2171 2054 2742 2126 Baltimoriensi

739 2213 914 2277 quae
967 2191 1261 2262 dicitur
1315 2189 1958 2276 Johns-Hopkins
2016 2189 2441 2275 aliquando
2516 2191 2742 2261 dedi—

740 2328 1079 2410 caturus,
1124 2348 1265 2412 ego
1304 2348 1513 2397 nunc
1561 2326 1857 2397 interea
1903 2346 2286 2409 conserve,
2340 2326 2742 2410 duplicata

739 2463 1086 2548 exempla
1114 2463 1234 2533 tot
1263 2462 1458 2547 quot
1484 2462 1918 2548 suppetunt
1955 2461 2035 2531 in
2087 2460 2329 2547 prima
2360 2460 2737 2545 herbaria,

711 2581 945 2669 'sieut
1000 2600 1250 2682 antea,
1312 2598 1810 2668 distribuens.
1906 2595 2298 2683 Quosdam
2360 2597 2550 2668 mihi
2610 2619 2739 2668 or—

738 2733 987 2836 dines,
1039 2734 1471 2804 elaboranti
1546 2734 1641 2803 ut
1714 2733 1960 2803 maior
2039 2734 2238 2803 esset
2293 2733 2736 2816 auctoritas,

738 2869 1039 2953 aliquot
1097 2868 1634 2939 botanieorum
1694 2868 2076 2939 clarorum
2148 2867 2459 2952 auxilie,
2526 2870 2736 2953 quod

738 3002 822 3073 in
884 3002 1209 3088 propriis
1262 3003 1449 3073 loeis
1507 3002 1897 3088 adnotavi,
1950 3005 2172 3088 grato
2231 3003 2489 3074 animo
2548 3026 2740 3074 usus

739 3159 930 3209 sum.
1049 3137 1443 3253 NonAullifis
1501 3138 1840 3223 denique
1904 3138 2207 3223 plantas
2260 3139 2341 3208 in
2413 3137 2641 3209 Parte
2700 3137 2738 3208 I

737 3272 979 3343 huius
1010 3272 1360 3359 Catalogi
1397 3294 1610 3343 nunc
1641 3272 2088 3357 imperfecte
2118 3295 2331 3344 nuno
2364 3296 2519 3344 non
2551 3272 2739 3345 satis

740 3410 942 3479 recte
1000 3408 1555 3480 determinatas
1613 3407 1847 3480 liceat
1918 3409 2000 3479 in
2074 3409 2526 3494 Appendice
2589 3410 2737 3479 sub

742 3542 1085 3627 capitulo
1113 3543 1534 3617 Nominum
1563 3543 2132 3618 Inserendorum
2174 3544 2455 3615 iterum
2499 3546 2736 3629 atque

739 3677 1225 3748 emendatius
1269 3700 1738 3750 enumerare.
2320 3678 2390 3750 J.
2438 3678 2529 3750 D.
2578 3678 2648 3750 S.

801 3811 1136 3876 Baltimorii,
1177 3828 1247 3864 m.
1287 3812 1448 3864 Febr.
1491 3815 1631 3864 1891.
